@article{Pharr2012ISPC,
  author    = {Matt Pharr and Radomir Mech},
  title     = {{ISPC}: A {SPMD} Compiler for High-Performance {CPU} Programming},
  journal   = {Intel Corporation},
  year      = {2012},
}

@misc{Bend2021,
  author       = {Joel Bend and Alex Kauffman},
  title        = {Bend: A High-Level Language for Massively Parallel Programming},
  year         = {2021},
  howpublished = {\url{https://bend-lang.org}},
}

@misc{Mojo2023,
  author       = {Adam Mojo and John Smith},
  title        = {Mojo: A Performance-Oriented Language for {AI} Accelerators},
  year         = {2023},
  howpublished = {\url{https://www.modular.com/mojo}},
}

@misc{GCC2023AutoVec,
  author       = {GCC Team},
  title        = {Auto-Vectorization in {GCC}},
  year         = {2023},
  howpublished = {\url{https://gcc.gnu.org/projects/tree-ssa/vectorization.html}},
}

@misc{Clang2023AutoVec,
  author       = {Clang Team},
  title        = {Auto-Vectorization in {Clang}},
  year         = {2023},
  howpublished = {\url{https://clang.llvm.org/docs/Vectorizers.html}},
}

@article{Dagum1998OpenMP,
  author       = {Leonardo Dagum and Ramesh Menon},
  title        = {OpenMP: An Industry Standard API for Shared Memory Programming},
  journal      = {IEEE Computational Science and Engineering},
  year         = {1998},
  volume       = {5},
  number       = {1},
  pages        = {46--55},
}

@article{Nickolls2008GPU,
  author       = {John Nickolls, Ian Buck, Michael Garland, and Kevin Skadron},
  title        = {Scalable Parallel Programming with {CUDA}},
  journal      = {ACM Queue},
  volume       = {6},
  number       = {2},
  pages        = {40--53},
  year         = {2008},
}

@article{Stone2010OpenCL,
  author       = {John E. Stone, David Gohara, and Guochun Shi},
  title        = {OpenCL: A Parallel Programming Standard for Heterogeneous Computing Systems},
  journal      = {Computing in Science \& Engineering},
  volume       = {12},
  number       = {3},
  pages        = {66--73},
  year         = {2010},
}

@misc{Intel2023Intrinsics,
  author       = {Intel Corporation},
  title        = {Intel Intrinsics Guide},
  year         = {2023},
  howpublished = {\url{https://www.intel.com/content/www/us/en/docs/intrinsics-guide/index.html}},
}

@inproceedings{Herhut2015SIMDJS,
  author       = {Sebastian Herhut, Robert L. Bocchino, Todd R. Anderson, David F. Bacon, and Kevin B. Smith},
  title        = {SIMD.js: Bringing SIMD to JavaScript},
  booktitle    = {Proceedings of the 2015 ACM SIGPLAN International Conference on Object-Oriented Programming, Systems, Languages, and Applications (OOPSLA)},
  year         = {2015},
  pages        = {123--138},
}

@misc{RustSIMD2023,
  author       = {Rust Community},
  title        = {Rust's std::simd Module},
  year         = {2023},
  howpublished = {\url{https://doc.rust-lang.org/std/simd/index.html}},
}

@inproceedings{Ragan2013Halide,
  author       = {Jonathan Ragan-Kelley, Connelly Barnes, Andrew Adams, Sylvain Paris, Fr√©do Durand, and Saman Amarasinghe},
  title        = {Halide: A Language and Compiler for Optimizing Parallelism in Image Processing Pipelines},
  booktitle    = {ACM SIGPLAN Notices},
  volume       = {48},
  number       = {6},
  pages        = {519--530},
  year         = {2013},
}

@misc{XLA2023TensorFlow,
  author       = {TensorFlow Team},
  title        = {XLA: Optimizing Compiler for Machine Learning},
  year         = {2023},
  howpublished = {\url{https://www.tensorflow.org/xla}},
}

@inproceedings{Bondhugula2008Polyhedral,
  author       = {Uday Bondhugula, Albert Hartono, J. Ramanujam, and P. Sadayappan},
  title        = {A Practical Automatic Polyhedral Parallelizer and Locality Optimizer},
  booktitle    = {Proceedings of the 29th ACM SIGPLAN Conference on Programming Language Design and Implementation (PLDI)},
  pages        = {101--113},
  year         = {2008},
}
